
@article{Robson2019,
  title={Construction and use of LISA sensitivity curves},
  author={Robson, T. and Cornish, N. J. and Liu, C.},
  journal={Class. Quantum Grav.},
  volume={36},
  number={10},
  pages={105011},
  year={2019}
}
@article{Planck2018,
  title={Planck 2018 results. VI. Cosmological parameters},
  journal={Astron. Astrophys.},
  year={2020}
}
@article{NANOGrav15yr,
  title={The NANOGrav 15-year Data Set: Evidence for a Gravitational-Wave Background},
  journal={Astrophys. J. Lett.},
  year={2023}
}
