@article{Robson2019LISA,
  title={The construction and use of LISA sensitivity curves},
  author={Robson, T. and Cornish, N. J. and Liu, C.},
  journal={Classical and Quantum Gravity},
  volume={36},
  number={10},
  pages={105011},
  year={2019},
  doi={10.1088/1361-6382/ab1101}
}
@article{Planck2018Params,
  title={Planck 2018 results. VI. Cosmological parameters},
  author={Planck Collaboration},
  journal={Astronomy & Astrophysics},
  year={2020},
  doi={10.1051/0004-6361/201833910},
  note={Central value ΔN_eff = 2.99 ± 0.17.}
}
@misc{NANOGrav15yr,
  title={The NANOGrav 15-year Data Set},
  author={NANOGrav Collaboration},
  year={2023},
  note={KDE free spectrum public package; used as PTA anchor in this work.}
}
@article{ShiromizuMaedaSasaki2000,
  title={The Einstein equations on the 3-brane world},
  author={Shiromizu, T. and Maeda, K. and Sasaki, M.},
  journal={Phys. Rev. D},
  volume={62},
  pages={024012},
  year={2000},
  doi={10.1103/PhysRevD.62.024012}
}
